<?xml version="1.0" encoding="UTF-8"?><collection xmlns="http://www.loc.gov/MARC21/slim"><record><leader>00528nam--2200181-i-4500</leader><controlfield tag="001">000043931</controlfield><controlfield tag="002">20161230</controlfield><controlfield tag="005">20161230201044</controlfield><controlfield tag="008">060222s1000------------r-----000-0-eng-d</controlfield><datafield ind1=" " ind2=" " tag="040"><subfield code="a">IFIN-HH</subfield></datafield><datafield ind1=" " ind2=" " tag="080"><subfield code="a">802.0</subfield></datafield><datafield ind1="1" ind2=" " tag="100"><subfield code="a">Taylor,Grant</subfield></datafield><datafield ind1="1" ind2="0" tag="245"><subfield code="a">American english reader</subfield><subfield code="b">Stories for reading and vocabulary development</subfield><subfield code="c">Grant taylor</subfield></datafield><datafield ind1=" " ind2=" " tag="260"><subfield code="a">New York</subfield><subfield code="b">Mcgraw-hill Book Co</subfield><subfield code="c">1960</subfield></datafield><datafield ind1=" " ind2=" " tag="300"><subfield code="a">235 P</subfield></datafield><datafield ind1=" " ind2=" " tag="490"><subfield code="a">Saxon Series In English As A Second Language</subfield></datafield><datafield ind1=" " ind2=" " tag="852"><subfield code="a">32830</subfield><subfield code="c">539.4</subfield></datafield><datafield ind1=" " ind2=" " tag="CAT"><subfield code="a">Sys</subfield><subfield code="c">20130131</subfield><subfield code="h">095809</subfield></datafield></record></collection>